@book{ConstitucionPR,
  title        = {Constituci√≥n del Estado Libre Asociado de Puerto Rico},
  year         = {1952},
  organization = {Junta de Relaciones del Trabajo},
  url          = {https://jrt.pr.gov/LeyesReglamentos/Leyes/CONSTITUCIONES%20DE%20ESTADOS%20UNIDOS%20DE%20AMERICA%20Y%20DE%20PUERTO%20RICO.pdf},
  note         = {Consultado el 5 de febrero de 2025}
}
