@article{hall2001introduction,
  title={An introduction to varieties of capitalism},
  author={Hall, Peter A and Soskice, David and others},
  journal={Debating varieties of capitalism: A reader},
  pages={21--74},
  year={2001},
  publisher={Oxford University Press Oxford},
}

@article{hall2009institutional,
  title={Institutional change in varieties of capitalism},
  author={Hall, Peter A and Thelen, Kathleen},
  journal={Socio-economic review},
  volume={7},
  number={1},
  pages={7--34},
  year={2009},
  publisher={Oxford University Press},
}

@article{giovannetti2015,
  title={Antropolog{\'\i}as del Caribe Hispano: notas de campo sobre Cuba y Puerto Rico.},
  author={Giovannetti, Jorge L and Escobar Gonz{\'a}lez, An{\'\i}bal and Tapia Santamar{\'\i}a, Jes{\'u}s},
  year={2015},
  publisher={[Río Piedras, PR]}
}

@inproceedings{lopezroman2012,
  title={Parias urbanos, parias medi{\'a}ticos: los medios de comunicaci{\'o}n y la marginaci{\'o}n de la pobreza},
  author={López Román, Felix A},
  booktitle={Teor{\'\i}a social, marginalidad urbana y estado penal: aproximaciones al trabajo de Lo{\"\i}c Wacquant},
  pages={183--200},
  year={2012},
  organization={Dykinson}
}

@book{Hails2022,
  title={Verano Combativo del 2019: la (des) politizaci{\'o}n del respeto en Puerto Rico},
  author={Hails L{\'o}pez, Peter John},
  year={2022},
  publisher={University of Puerto Rico, Rio Piedras (Puerto Rico)}
}

@article{nunn2011slave,
  title={The slave trade and the origins of mistrust in Africa},
  author={Nunn, Nathan and Wantchekon, Leonard},
  journal={American economic review},
  volume={101},
  number={7},
  pages={3221--3252},
  year={2011},
  publisher={American Economic Association}
}

@newspaper{figueroa2025captado,
  author       = {Figueroa Cancel, Alex},
  title        = {Captado en cámara: radicarán cargos contra dos hombres por robo a adulta mayor en Guaynabo},
  journaltitle = {El Nuevo Día},
  date         = {2025-03-06},
  url          = {https://www.elnuevodia.com/noticias/seguridad/notas/captado-en-camara-radicaran-cargos-contra-dos-hombres-por-robo-a-adulta-mayor-en-guaynabo/}
}

@article{hall2009institutionalannot,
  author       = {Hall, Peter A. and Thelen, Kathleen},
  title        = {Institutional change in varieties of capitalism},
  journal      = {Socio-Economic Review},
  volume       = {7},
  number       = {1},
  pages        = {7--34},
  year         = {2009},
  annotation   = {En este artículo, Hall y Thelen exploran cómo las instituciones económicas evolucionan en diferentes sistemas de economía de mercado. Analizan los mecanismos de cambio institucional y argumentan que las instituciones no son estáticas, sino que cambian a través de procesos graduales influenciados por actores políticos y económicos. El estudio adopta un enfoque deductivo, desarrollando su marco teórico a partir de conceptos existentes, y utiliza análisis teórico y comparativo para determinar sus hallazgos.}
}

@article{morales2002,
  title={Simbolo y metafora en la organizacion moderna: Estudio de un caso puertorrique{\~n}o},
  author={Morales Arandes, Edgardo},
  journal={Revista Interamericana de Psicolog{\'\i}a/Interamerican Journal of Psychology},
  volume={36},
  number={1 \& 2},
  year={2002}
}